
@article{huang_safety-complete_2017,
author="Huang, Wen-ling
and {\"O}zoguz, Sadik
and Peleska, Jan",
title="Safety-complete test suites",
journal="Software Quality Journal",
year="2018",
month="Oct",
day="22",
abstract="In this paper, a novel safety-related variant of complete test suites for finite state machines is introduced. Under certain hypotheses which are similar to the ones used in the well-known W-Method and its improved versions, the new method guarantees to uncover every violation of safety properties from a certain well-defined class, while erroneous behaviour without safety relevance may remain undetected. While the method can be based on any of the known complete strategies for FSM testing, its most effective variant is based on the H-method, and this variant is presented in detail, denoted as the Safety-complete H-Method. It is guaranteed that application of the Safety-complete H-Method always results in less or equally many test cases than when applying the original H-Method. In well-defined situations that can be pre-determined from the reference model, the Safety-complete H-Method leads to a substantial reduction of test cases in comparison to the size of the analogous H test suites. We advocate this new test suite for situations, where exhaustive testing of the complete system is too expensive. In these cases, strong guarantees with respect to fault coverage should only be given for the errors representing safety violations, while it may be considered as acceptable if less critical errors remain undetected.",
issn="1573-1367",
doi="10.1007/s11219-018-9421-y",
url="https://doi.org/10.1007/s11219-018-9421-y"
}




@book{GareComp1979,
title = {Computers and intractability : a guide to the theory of NP-completeness},
author = {Michael R. Garey and David S. Johnson},
series = {A series of books in the mathematical sciences},
publisher = {Freeman},
address = {New York, NY},
year = {1979},
note = {X, 338 S. ; 24 cm : Ill.},
keywords = {Komplexitätstheorie; Algorithmentheorie; NP-vollständiges Problem},
ISBN = {0716710455 and 0716710447 and 9780716710448},
URL = {https://suche.suub.uni-bremen.de/peid=B02315168},
}

@book{eggersgluss2014test,
  title={Test Digitaler Schaltkreise},
  author={Eggersgl{\"u}{\ss}, S. and Fey, G. and Polian, I.},
  isbn={9783486720136},
  url={https://books.google.de/books?id=GFW6ngEACAAJ},
  year={2014},
  publisher={Gruyter, de Oldenbourg}
}


@article{JorgAVis2015,
title = {A Visual Formalism for Interacting Systems},
author = {Paul C. Jorgensen},
year = {2015},
keywords = {Computer Science - Software Engineering; Computer Science - Multiagent Systems},
URL = {http://arxiv.org/abs/1504.02442},
}

@inproceedings{hp_safety-complete_2017,
	title = {Safety-Complete Test Suites},
	volume = {10533},
	isbn = {978-3-319-67548-0},
	url = {https://link.springer.com/chapter/10.1007/978-3-319-67549-7_9},
	doi = {10.1007/978-3-319-67549-7_9},
	series = {Lecture Notes in Computer Science},
	pages = {145--161},
	booktitle = {Testing Software and Systems},
	publisher = {Springer, Cham},
	author = {Huang, Wen-ling and Peleska, Jan},
	urldate = {2017-12-04},
	date = {2017-10-09},
	langid = {english},
	file = {Full Text PDF:/home/sadik/Zotero/storage/BTE2XZQ6/Huang and Peleska - 2017 - Safety-Complete Test Suites.pdf:application/pdf;Snapshot:/home/sadik/Zotero/storage/QN7AUNZ2/10.html:text/html}
}

@book{Balzert04,
  address = {Heidelberg},
  author = {Balzert, Helmut},
  biburl = {https://www.bibsonomy.org/bibtex/2cbda377e3edfa1a9c5749850312d9963/flint63},
  edition = 2,
  file = {Springer Product page:http\://www.springer.com/978-3-8274-1410-6:URL;Amazon Search inside:http\://www.amazon.de/gp/reader/3827414105/:URL},
  groups = {public},
  interhash = {5ba97fc436ec91bce8f6fbba8ccb3617},
  intrahash = {cbda377e3edfa1a9c5749850312d9963},
  isbn = {978-3-8274-1410-6},
  keywords = {01624 101 book shelf intro software development oop uml},
  publisher = {Spektrum},
  timestamp = {2017-07-13T18:07:23.000+0200},
  title = {Lehrbuch Grundlagen der Informatik},
  username = {flint63},
  year = 2004
}

@ARTICLE{265636,
author={Gang Luo and G. von Bochmann and A. Petrenko},
journal={IEEE Transactions on Software Engineering},
title={Test selection based on communicating nondeterministic finite-state machines using a generalized Wp-method},
year={1994},
volume={20},
number={2},
pages={149-162},
keywords={conformance testing;finite state machines;multiprocessing programs;program testing;programming theory;protocols;software engineering;specification languages;SDL;communicating nondeterministic finite-state machines;communication protocols;concurrent programs;conformance relation;deterministic finite-state machines;fault coverage;generalized Wp-method;protocol conformance testing;protocol engineering;reachability analysis;software engineering;software testing;test selection;test sequence generation;test suites;trace-equivalence;Communication system software;Computer science;Concurrent computing;Helium;Protocols;Reachability analysis;Senior members;Software engineering;Software testing;System testing},
doi={10.1109/32.265636},
ISSN={0098-5589},
month={02},}


@article{ARAUJO2017,
	title = "Sound conformance testing for cyber-physical systems: Theory and implementation",
	journal = "Science of Computer Programming",
	year = "2017",
	issn = "0167-6423",
	doi = "https://doi.org/10.1016/j.scico.2017.07.002",
	url = "http://www.sciencedirect.com/science/article/pii/S0167642317301429",
	author = "Hugo Araujo and Gustavo Carvalho and Morteza Mohaqeqi and Mohammad Reza Mousavi and Augusto Sampaio",
	keywords = "Cyber-physical systems, Model-based testing, Conformance testing, Soundness, Reachability analysis"
}

@ARTICLE{1671568,
	author={G. Gonenc},
	journal={IEEE Transactions on Computers},
	title={A Method for the Design of Fault Detection Experiments},
	year={1970},
	volume={C-19},
	number={6},
	pages={551-558},
	doi={10.1109/T-C.1970.222975},
	ISSN={0018-9340},
	month={06}
}

@ARTICLE{7415960,
	author={R. M. Hierons and U. C. Türker},
	journal={IEEE Transactions on Computers},
	title={Parallel Algorithms for Generating Harmonised State Identifiers and Characterising Sets},
	year={2016},
	volume={65},
	number={11},
	pages={3370-3383},
	doi={10.1109/TC.2016.2532869},
	month={11}
}

% Buch
@book{Gill62,
	author    = {Arthur Gill}, 
	title     = {Introduction to the Theory of Finite-State Machines},
	publisher = {McGraw-Hill},
	year      = 1962,
	address   = {New York}
}


%Vorlesungsskript Testautomatisierung
@booklet{TAVL,
	author = {Wen-ling Huang and Jan Peleska},
	title = {Test Automation},
	year = {2015},
	howpublished = {Vorlesungsskript},
	url = {http://www.informatik.uni-bremen.de/agbs/jp/papers/test-automation-huang-peleska.pdf}
}


%From Temporal Models to Property-Based Testing
@inproceedings{alzahrani2017,
	author={N. Alzahrani and Maria Spichkova and Jan Olaf Blech},
	title={From Teporal Models to Property-Based Testing},
	booktitle={12th International Conference on Evaluation of Novel Approaches to Software Engineering (ENASE 2017)},
	year={2017},
	venue={Porto, Portugal}
}
	
% experimantal comparison of test case generation methods for Finite State Machines
@INPROCEEDINGS{6200152,
	author={A. T. Endo and A. Sim\~{a}o},
	booktitle={2012 IEEE Fifth International Conference on Software Testing, Verification and Validation},
	title={Experimental Comparison of Test Case Generation Methods for Finite State Machines},
	year={2012},
	volume={},
	number={},
	pages={549-558},
	keywords={finite state machines;program testing;software fault tolerance;Web-based system;fault detection;finite state machine;protocol testing;test case generation method;Automata;Context;Context modeling;Distance measurement;Software testing;Unified modeling language;conformance testing;experiments;model based testing},
	doi={10.1109/ICST.2012.140},
	ISSN={2159-4848},
	month={4}
}

% Checking Completeness of Tests For Finite State Machines
@article{Simao:2010:CCT:1850266.1850272,
	author = {Sim\~{a}o, Adenilso and Petrenko, Alexandre},
	title = {Checking Completeness of Tests for Finite State Machines},
	journal = {IEEE Trans. Comput.},
	issue_date = {August 2010},
	volume = {59},
	number = {8},
	month = aug,
	year = {2010},
	issn = {0018-9340},
	pages = {1023--1032},
	numpages = {10},
	url = {http://dx.doi.org/10.1109/TC.2010.17},
	doi = {10.1109/TC.2010.17},
	acmid = {1850272},
	publisher = {IEEE Computer Society},
	address = {Washington, DC, USA},
	keywords = {Finite State Machine, Finite State Machine, test analysis, fault coverage, test completeness conditions, test generation., fault coverage, test analysis, test completeness conditions, test generation.},
} 

% Generalized W-Method
@INPROCEEDINGS{4685801,
author={A. L. Bonifácio and A. V. Moura and A. d. S. Simão},
booktitle={2008 Sixth IEEE International Conference on Software Engineering and Formal Methods},
title={A Generalized Model-Based Test Generation Method},
year={2008},
volume={},
number={},
pages={139-148},
doi={10.1109/SEFM.2008.17},
ISSN={1551-0255},
month={11},}

% W-Methode(1)
@Article{Vasilevskii1973,
	author="Vasilevskii, M. P.",
	title="Failure diagnosis of automata",
	journal="Cybernetics",
	year="1973",
	month="6",
	day="01",
	volume="9",
	number="4",
	pages="653--665",
	issn="1573-8337",
	doi="10.1007/BF01068590",
	url="https://doi.org/10.1007/BF01068590"
}

% W-Methode (2)
@ARTICLE{1702519,
	author={T. S. Chow},
	journal={IEEE Transactions on Software Engineering},
	title={Testing Software Design Modeled by Finite-State Machines},
	year={1978},
	volume={SE-4},
	number={3},
	pages={178-187},
	keywords={Control structure;finite-state machines;reliability;software testing;test covers;validity;Automata;Automatic control;Automatic testing;Mathematical model;Process control;Software design;Software systems;Software testing;Switches;System testing;Control structure;finite-state machines;reliability;software testing;test covers;validity},
	doi={10.1109/TSE.1978.231496},
	ISSN={0098-5589},
	month={05}
}

%HSI-Method
@Inbook{Luo1995,
	author="Luo, Gang
	and Petrenko, Alexandre
	and v. Bochmann, Gregor",
	editor="Mizuno, Tadanori
	and Higashino, Teruo
	and Shiratori, Norio",
	title="Selecting Test Sequences for Partially-Specified Nondeterministic Finite State Machines",
	bookTitle="Protocol Test Systems: 7th workshop 7th IFIP WG 6.1 international workshop on protocol text systems",
	year="1995",
	publisher="Springer US",
	address="Boston, MA",
	pages="95--110",
	isbn="978-0-387-34883-4",
	doi="10.1007/978-0-387-34883-4_6",
	url="https://doi.org/10.1007/978-0-387-34883-4_6"
}

%WP Method
@ARTICLE{87284,
	author={S. Fujiwara and G. v. Bochmann and F. Khendek and M. Amalou and A. Ghedamsi},
	journal={IEEE Transactions on Software Engineering},
	title={Test selection based on finite state models},
	year={1991},
	volume={17},
	number={6},
	pages={591-603},
	keywords={conformance testing;program testing;protocols;conformance testing;determinism;finite state models;full fault-detection power;interaction parameters;partial W-method;protocol implementations;protocol testing;reset function;software engineering;test architectures;test suites;Automata;Councils;Formal specifications;Hardware;Protocols;Software engineering;Software testing;System testing},
	doi={10.1109/32.87284},
	ISSN={0098-5589},
	month={6},}

% p-method
@article{Simao:2010:FCI:1883405.1883409,
	author = {Sim\~{a}o, Adenilso and Petrenko, Alexandre},
	title = {Fault Coverage-Driven Incremental Test Generation},
	journal = {Comput. J.},
	issue_date = {November 2010},
	volume = {53},
	number = {9},
	month = nov,
	year = {2010},
	issn = {0010-4620},
	pages = {1508--1522},
	numpages = {15},
	url = {http://dx.doi.org/10.1093/comjnl/bxp073},
	doi = {10.1093/comjnl/bxp073},
	acmid = {1883409},
	publisher = {Oxford University Press},
	address = {Oxford, UK},
}

% H-Method
@Inbook{Dorofeeva2005,
	author="Dorofeeva, Rita
	and El-Fakih, Khaled
	and Yevtushenko, Nina",
	editor="Wang, Farn",
	title="An Improved Conformance Testing Method",
	bookTitle="Formal Techniques for Networked and Distributed Systems - FORTE 2005: 25th IFIP WG 6.1 International Conference, Taipei, Taiwan, October 2-5, 2005. Proceedings",
	year="2005",
	publisher="Springer Berlin Heidelberg",
	address="Berlin, Heidelberg",
	pages="204--218",
	isbn="978-3-540-32084-5",
	doi="10.1007/11562436_16",
	url="https://doi.org/10.1007/11562436_16"
}


%EFSM Based Testing driven by user defined faults
@INPROCEEDINGS{4539558,
	author={El-Fakih, Khaled
	and Kolomeez, A
	and Prokopenko, S
	and Yevtushenko, N},
	booktitle={2008 1st International Conference on Software Testing, Verification, and Validation},
	title={Extended Finite State Machine Based Test Derivation Driven by User Defined Faults},
	year={2008},
	volume={},
	number={},
	pages={308-317},
	keywords={finite state machines;formal specification;program testing;EFSM based test derivation;extended finite state machine specification;fault model;Automata;Context modeling;Explosions;Fault detection;Formal specifications;Protocols;Software testing;System testing;Unified modeling language},
	doi={10.1109/ICST.2008.16},
	ISSN={2159-4848},
	month={04},
}
