@Article{Huang2018,
author="Huang, Wen-ling
and {\"O}zoguz, Sadik
and Peleska, Jan",
title="Safety-complete test suites",
journal="Software Quality Journal",
year="2018",
month="Oct",
day="22",
issn="1573-1367",
doi="10.1007/s11219-018-9421-y",
url="https://doi.org/10.1007/s11219-018-9421-y"
}

